<?xml version='1.0' encoding='utf-8'?>
<record xmlns="http://www.loc.gov/MARC21/slim" xmlns:xsi="http://www.w3.org/2001/XMLSchema-instance" xsi:schemaLocation="http://www.loc.gov/MARC21/slim http://www.loc.gov/standards/marcxml/schema/MARC21slim.xsd">
  <leader>00000nkda 22009851a 4500</leader>
  <controlfield tag="005">20100225154152.0</controlfield>
  <controlfield tag="008">941110i19412002miunnn            kneng d</controlfield>
  <datafield tag="035" ind1=" " ind2=" ">
    <subfield code="a">(RLIN)MIUV91-F21</subfield>
  </datafield>
  <datafield tag="035" ind1=" " ind2=" ">
    <subfield code="a">(OCoLC)ocm35066860</subfield>
  </datafield>
  <datafield tag="040" ind1=" " ind2=" ">
    <subfield code="a">MiU-H</subfield>
    <subfield code="c">MiU-H</subfield>
    <subfield code="e">gihc</subfield>
    <subfield code="d">MiU</subfield>
  </datafield>
  <datafield tag="110" ind1="2" ind2=" ">
    <subfield code="a">Episcopal Church.</subfield>
    <subfield code="b">Diocese of Western Michigan.</subfield>
  </datafield>
  <datafield tag="245" ind1="0" ind2="0">
    <subfield code="a">Episcopal Church, Diocese of Western Michigan photograph series.</subfield>
  </datafield>
  <datafield tag="260" ind1=" " ind2=" ">
    <subfield code="c">ca. 1941-2002.</subfield>
  </datafield>
  <datafield tag="300" ind1=" " ind2=" ">
    <subfield code="a">2 linear ft. and 1 oversize folder.</subfield>
  </datafield>
  <datafield tag="520" ind1=" " ind2=" ">
    <subfield code="a">Photographs of churches within the diocese; photos of diocesan bishops and officers, and of convention and conference participants; and scrapbook, 1941-1948, of diocesan churches and church activities; also videotapes of church consecration services.</subfield>
  </datafield>
  <datafield tag="555" ind1="0" ind2=" ">
    <subfield code="a">Finding aid in the library</subfield>
  </datafield>
  <datafield tag="555" ind1="0" ind2=" ">
    <subfield code="a">Finding aid available via World Wide Web at URL: http://quod.lib.umich.edu/cgi/f/findaid/findaid-idx?c=bhlead&amp;idno=umich-bhl-86125</subfield>
  </datafield>
  <datafield tag="500" ind1=" " ind2=" ">
    <subfield code="a">Donor: 5274</subfield>
  </datafield>
  <datafield tag="580" ind1=" " ind2=" ">
    <subfield code="a">Forms part of Episcopal Church. Diocese of Western Michigan. Episcopal Church, Diocese of Western Michigan records.</subfield>
  </datafield>
  <datafield tag="650" ind1=" " ind2="7">
    <subfield code="a">Episcopal churches</subfield>
    <subfield code="z">Michigan</subfield>
    <subfield code="z">Ada</subfield>
    <subfield code="2">lctgm</subfield>
  </datafield>
  <datafield tag="650" ind1=" " ind2="7">
    <subfield code="a">Episcopal churches</subfield>
    <subfield code="z">Michigan</subfield>
    <subfield code="z">Albion (Calhoun County)</subfield>
    <subfield code="2">lctgm</subfield>
  </datafield>
  <datafield tag="650" ind1=" " ind2="7">
    <subfield code="a">Episcopal churches</subfield>
    <subfield code="z">Michigan</subfield>
    <subfield code="z">Allegan</subfield>
    <subfield code="2">lctgm</subfield>
  </datafield>
  <datafield tag="650" ind1=" " ind2="7">
    <subfield code="a">Episcopal churches</subfield>
    <subfield code="z">Michigan</subfield>
    <subfield code="z">Battle Creek</subfield>
    <subfield code="2">lctgm</subfield>
  </datafield>
  <datafield tag="650" ind1=" " ind2="7">
    <subfield code="a">Episcopal churches</subfield>
    <subfield code="z">Michigan</subfield>
    <subfield code="z">Beaver Island</subfield>
    <subfield code="2">lctgm</subfield>
  </datafield>
  <datafield tag="650" ind1=" " ind2="7">
    <subfield code="a">Episcopal churches</subfield>
    <subfield code="z">Michigan</subfield>
    <subfield code="z">Benton Harbor</subfield>
    <subfield code="2">lctgm</subfield>
  </datafield>
  <datafield tag="650" ind1=" " ind2="7">
    <subfield code="a">Episcopal churches</subfield>
    <subfield code="z">Michigan</subfield>
    <subfield code="z">Benzonia</subfield>
    <subfield code="2">lctgm</subfield>
  </datafield>
  <datafield tag="650" ind1=" " ind2="7">
    <subfield code="a">Episcopal churches</subfield>
    <subfield code="z">Michigan</subfield>
    <subfield code="z">Big Rapids</subfield>
    <subfield code="2">lctgm</subfield>
  </datafield>
  <datafield tag="650" ind1=" " ind2="7">
    <subfield code="a">Episcopal churches</subfield>
    <subfield code="z">Michigan</subfield>
    <subfield code="z">Cadillac</subfield>
    <subfield code="2">lctgm</subfield>
  </datafield>
  <datafield tag="650" ind1=" " ind2="7">
    <subfield code="a">Episcopal churches</subfield>
    <subfield code="z">Michigan</subfield>
    <subfield code="z">Cascade</subfield>
    <subfield code="2">lctgm</subfield>
  </datafield>
  <datafield tag="650" ind1=" " ind2="7">
    <subfield code="a">Churches</subfield>
    <subfield code="z">Michigan.</subfield>
    <subfield code="2">lctgm</subfield>
  </datafield>
  <datafield tag="650" ind1=" " ind2="7">
    <subfield code="a">Clergy.</subfield>
    <subfield code="2">lctgm</subfield>
  </datafield>
  <datafield tag="650" ind1=" " ind2="0">
    <subfield code="a">Conway (Mich.)</subfield>
    <subfield code="z">Churches.</subfield>
  </datafield>
  <datafield tag="650" ind1=" " ind2="7">
    <subfield code="a">Episcopal churches</subfield>
    <subfield code="z">Michigan</subfield>
    <subfield code="z">Elk Rapids</subfield>
    <subfield code="2">lctgm</subfield>
  </datafield>
  <datafield tag="610" ind1="2" ind2="0">
    <subfield code="a">Episcopal Church.</subfield>
    <subfield code="b">Diocese of Western Michigan.</subfield>
  </datafield>
  <datafield tag="610" ind1="2" ind2="0">
    <subfield code="a">Episcopal Church</subfield>
    <subfield code="z">Michigan.</subfield>
  </datafield>
  <datafield tag="650" ind1=" " ind2="7">
    <subfield code="a">Episcopal churches</subfield>
    <subfield code="z">Michigan</subfield>
    <subfield code="z">Fremont</subfield>
    <subfield code="2">lctgm</subfield>
  </datafield>
  <datafield tag="650" ind1=" " ind2="7">
    <subfield code="a">Episcopal churches</subfield>
    <subfield code="z">Michigan</subfield>
    <subfield code="z">Grand Haven</subfield>
    <subfield code="2">lctgm</subfield>
  </datafield>
  <datafield tag="650" ind1=" " ind2="7">
    <subfield code="a">Episcopal churches</subfield>
    <subfield code="z">Michigan</subfield>
    <subfield code="z">Grand Junction</subfield>
    <subfield code="2">lctgm</subfield>
  </datafield>
  <datafield tag="650" ind1=" " ind2="7">
    <subfield code="a">Episcopal churches</subfield>
    <subfield code="z">Michigan</subfield>
    <subfield code="z">Grand Ledge</subfield>
    <subfield code="2">lctgm</subfield>
  </datafield>
  <datafield tag="650" ind1=" " ind2="7">
    <subfield code="a">Episcopal churches</subfield>
    <subfield code="z">Michigan</subfield>
    <subfield code="z">Grand Rapids</subfield>
    <subfield code="2">lctgm</subfield>
  </datafield>
  <datafield tag="650" ind1=" " ind2="7">
    <subfield code="a">Episcopal churches</subfield>
    <subfield code="z">Michigan</subfield>
    <subfield code="z">Greenville</subfield>
    <subfield code="2">lctgm</subfield>
  </datafield>
  <datafield tag="650" ind1=" " ind2="7">
    <subfield code="a">Episcopal churches</subfield>
    <subfield code="z">Michigan</subfield>
    <subfield code="z">Gull Lake</subfield>
    <subfield code="2">lctgm</subfield>
  </datafield>
  <datafield tag="650" ind1=" " ind2="7">
    <subfield code="a">Episcopal churches</subfield>
    <subfield code="z">Michigan</subfield>
    <subfield code="z">Harbor Springs</subfield>
    <subfield code="2">lctgm</subfield>
  </datafield>
  <datafield tag="650" ind1=" " ind2="7">
    <subfield code="a">Episcopal churches</subfield>
    <subfield code="z">Michigan</subfield>
    <subfield code="z">Hastings</subfield>
    <subfield code="2">lctgm</subfield>
  </datafield>
  <datafield tag="650" ind1=" " ind2="7">
    <subfield code="a">Episcopal churches</subfield>
    <subfield code="z">Michigan</subfield>
    <subfield code="z">Holland</subfield>
    <subfield code="2">lctgm</subfield>
  </datafield>
  <datafield tag="650" ind1=" " ind2="7">
    <subfield code="a">Episcopal churches</subfield>
    <subfield code="z">Michigan</subfield>
    <subfield code="z">Ionia</subfield>
    <subfield code="2">lctgm</subfield>
  </datafield>
  <datafield tag="650" ind1=" " ind2="7">
    <subfield code="a">Episcopal churches</subfield>
    <subfield code="z">Michigan</subfield>
    <subfield code="z">Kalamazoo</subfield>
    <subfield code="2">lctgm</subfield>
  </datafield>
  <datafield tag="650" ind1=" " ind2="7">
    <subfield code="a">Episcopal churches</subfield>
    <subfield code="z">Michigan</subfield>
    <subfield code="z">Kentwood</subfield>
    <subfield code="2">lctgm</subfield>
  </datafield>
  <datafield tag="650" ind1=" " ind2="7">
    <subfield code="a">Episcopal churches</subfield>
    <subfield code="z">Michigan</subfield>
    <subfield code="z">Lakeside</subfield>
    <subfield code="2">lctgm</subfield>
  </datafield>
  <datafield tag="650" ind1=" " ind2="7">
    <subfield code="a">Episcopal churches</subfield>
    <subfield code="z">Michigan</subfield>
    <subfield code="z">Lansing</subfield>
    <subfield code="2">lctgm</subfield>
  </datafield>
  <datafield tag="650" ind1=" " ind2="7">
    <subfield code="a">Episcopal churches</subfield>
    <subfield code="z">Michigan</subfield>
    <subfield code="z">Ludington</subfield>
    <subfield code="2">lctgm</subfield>
  </datafield>
  <datafield tag="650" ind1=" " ind2="7">
    <subfield code="a">Episcopal churches</subfield>
    <subfield code="z">Michigan</subfield>
    <subfield code="z">Manistee</subfield>
    <subfield code="2">lctgm</subfield>
  </datafield>
  <datafield tag="650" ind1=" " ind2="7">
    <subfield code="a">Episcopal churches</subfield>
    <subfield code="z">Michigan</subfield>
    <subfield code="z">Montague</subfield>
    <subfield code="2">lctgm</subfield>
  </datafield>
  <datafield tag="650" ind1=" " ind2="7">
    <subfield code="a">Episcopal churches</subfield>
    <subfield code="z">Michigan</subfield>
    <subfield code="z">Mount Pleasant</subfield>
    <subfield code="2">lctgm</subfield>
  </datafield>
  <datafield tag="650" ind1=" " ind2="7">
    <subfield code="a">Episcopal churches</subfield>
    <subfield code="z">Michigan</subfield>
    <subfield code="z">Muskegon</subfield>
    <subfield code="2">lctgm</subfield>
  </datafield>
  <datafield tag="650" ind1=" " ind2="7">
    <subfield code="a">Episcopal churches</subfield>
    <subfield code="z">Michigan</subfield>
    <subfield code="z">Newaygo</subfield>
    <subfield code="2">lctgm</subfield>
  </datafield>
  <datafield tag="650" ind1=" " ind2="7">
    <subfield code="a">Episcopal churches</subfield>
    <subfield code="z">Michigan</subfield>
    <subfield code="z">Niles</subfield>
    <subfield code="2">lctgm</subfield>
  </datafield>
  <datafield tag="650" ind1=" " ind2="7">
    <subfield code="a">Episcopal churches</subfield>
    <subfield code="z">Michigan</subfield>
    <subfield code="z">Omena</subfield>
    <subfield code="2">lctgm</subfield>
  </datafield>
  <datafield tag="650" ind1=" " ind2="7">
    <subfield code="a">Episcopal churches</subfield>
    <subfield code="z">Michigan</subfield>
    <subfield code="z">Onekema</subfield>
    <subfield code="2">lctgm</subfield>
  </datafield>
  <datafield tag="650" ind1=" " ind2="7">
    <subfield code="a">Episcopal churches</subfield>
    <subfield code="z">Michigan</subfield>
    <subfield code="z">Orangeville</subfield>
    <subfield code="2">lctgm</subfield>
  </datafield>
  <datafield tag="650" ind1=" " ind2="7">
    <subfield code="a">Episcopal churches</subfield>
    <subfield code="z">Michigan</subfield>
    <subfield code="z">Pentwater</subfield>
    <subfield code="2">lctgm</subfield>
  </datafield>
  <datafield tag="650" ind1=" " ind2="7">
    <subfield code="a">Episcopal churches</subfield>
    <subfield code="z">Michigan</subfield>
    <subfield code="z">Petoskey</subfield>
    <subfield code="2">lctgm</subfield>
  </datafield>
  <datafield tag="655" ind1=" " ind2="7">
    <subfield code="a">Photographs.</subfield>
    <subfield code="2">aat</subfield>
  </datafield>
  <datafield tag="650" ind1=" " ind2="7">
    <subfield code="a">Episcopal churches</subfield>
    <subfield code="z">Michigan</subfield>
    <subfield code="z">Plainwell</subfield>
    <subfield code="2">lctgm</subfield>
  </datafield>
  <datafield tag="650" ind1=" " ind2="7">
    <subfield code="a">Episcopal churches</subfield>
    <subfield code="z">Michigan</subfield>
    <subfield code="z">Portage</subfield>
    <subfield code="2">lctgm</subfield>
  </datafield>
  <datafield tag="650" ind1=" " ind2="7">
    <subfield code="a">Episcopal churches</subfield>
    <subfield code="z">Michigan</subfield>
    <subfield code="z">Richland</subfield>
    <subfield code="2">lctgm</subfield>
  </datafield>
  <datafield tag="650" ind1=" " ind2="7">
    <subfield code="a">Episcopal churches</subfield>
    <subfield code="z">Michigan</subfield>
    <subfield code="z">Saint Johns</subfield>
    <subfield code="2">lctgm</subfield>
  </datafield>
  <datafield tag="650" ind1=" " ind2="7">
    <subfield code="a">Episcopal churches</subfield>
    <subfield code="z">Michigan</subfield>
    <subfield code="z">Saint Joseph</subfield>
    <subfield code="2">lctgm</subfield>
  </datafield>
  <datafield tag="650" ind1=" " ind2="7">
    <subfield code="a">Episcopal churches</subfield>
    <subfield code="z">Michigan</subfield>
    <subfield code="z">Saugatuck</subfield>
    <subfield code="2">lctgm</subfield>
  </datafield>
  <datafield tag="650" ind1=" " ind2="7">
    <subfield code="a">Episcopal churches</subfield>
    <subfield code="z">Michigan</subfield>
    <subfield code="z">South Haven</subfield>
    <subfield code="2">lctgm</subfield>
  </datafield>
  <datafield tag="650" ind1=" " ind2="7">
    <subfield code="a">Episcopal churches</subfield>
    <subfield code="z">Michigan</subfield>
    <subfield code="z">Sparta</subfield>
    <subfield code="2">lctgm</subfield>
  </datafield>
  <datafield tag="610" ind1="2" ind2="0">
    <subfield code="a">Starr Commonwealth for Boys.</subfield>
  </datafield>
  <datafield tag="650" ind1=" " ind2="7">
    <subfield code="a">Episcopal churches</subfield>
    <subfield code="z">Michigan</subfield>
    <subfield code="z">Sturgis</subfield>
    <subfield code="2">lctgm</subfield>
  </datafield>
  <datafield tag="650" ind1=" " ind2="7">
    <subfield code="a">Episcopal churches</subfield>
    <subfield code="z">Michigan</subfield>
    <subfield code="z">Three Rivers</subfield>
    <subfield code="2">lctgm</subfield>
  </datafield>
  <datafield tag="650" ind1=" " ind2="7">
    <subfield code="a">Episcopal churches</subfield>
    <subfield code="z">Michigan</subfield>
    <subfield code="z">Traverse City</subfield>
    <subfield code="2">lctgm</subfield>
  </datafield>
  <datafield tag="650" ind1=" " ind2="7">
    <subfield code="a">Episcopal churches</subfield>
    <subfield code="z">Michigan</subfield>
    <subfield code="z">Whitehall</subfield>
    <subfield code="2">lctgm</subfield>
  </datafield>
  <datafield tag="650" ind1=" " ind2="7">
    <subfield code="a">Episcopal churches</subfield>
    <subfield code="z">Michigan</subfield>
    <subfield code="z">Wyoming</subfield>
    <subfield code="2">lctgm</subfield>
  </datafield>
  <datafield tag="655" ind1=" " ind2="7">
    <subfield code="a">Scrapbooks.</subfield>
    <subfield code="2">aat</subfield>
  </datafield>
  <datafield tag="655" ind1=" " ind2="7">
    <subfield code="a">Videotapes.</subfield>
    <subfield code="2">aat</subfield>
  </datafield>
  <datafield tag="773" ind1="1" ind2=" ">
    <subfield code="a">Episcopal Church. Diocese of Western Michigan.</subfield>
    <subfield code="7">c2bc</subfield>
    <subfield code="t">Episcopal Church, Diocese of Western Michigan records.</subfield>
    <subfield code="w">(CStRLIN)MIUV86-A125</subfield>
  </datafield>
  <datafield tag="852" ind1=" " ind2=" ">
    <subfield code="a">Bentley Historical Library,</subfield>
    <subfield code="b">University of Michigan,</subfield>
    <subfield code="c">Ann Arbor, Michigan 48109-2113</subfield>
  </datafield>
  <datafield tag="856" ind1="4" ind2="2">
    <subfield code="3">Finding aid:</subfield>
    <subfield code="u">http://quod.lib.umich.edu/cgi/f/findaid/findaid-idx?c=bhlead&amp;idno=umich-bhl-86125</subfield>
  </datafield>
  <datafield tag="998" ind1=" " ind2=" ">
    <subfield code="c">TEP</subfield>
    <subfield code="s">9114</subfield>
  </datafield>
</record>
